<?xml version="1.0" encoding="UTF-8"?>
<record xmlns="http://www.loc.gov/MARC21/slim">
   <leader>01022cam a2200253 a 4500</leader>
   <controlfield tag="001">441361</controlfield>
   <controlfield tag="003">NjP</controlfield>
   <controlfield tag="005">20171013100139.0</controlfield>
   <controlfield tag="008">880429s1983    ir           f00000 arar </controlfield>
   <datafield tag="024" ind1="7" ind2=" ">
      <subfield code="a">princeton_aco003648</subfield>
      <subfield code="2">local</subfield>
   </datafield>
   <datafield ind1=" " ind2=" " tag="010">
      <subfield code="a">   84208451/NE </subfield>
   </datafield>
   <datafield ind1=" " ind2=" " tag="020">
      <subfield code="c">25.00IR</subfield>
   </datafield>
   <datafield ind1=" " ind2=" " tag="035">
      <subfield code="a">(OCoLC)14242039</subfield>
   </datafield>
   <datafield ind1=" " ind2=" " tag="035">
      <subfield code="a">(CStRLIN)NJPG88-B22390</subfield>
   </datafield>
   <datafield ind1=" " ind2=" " tag="035">
      <subfield code="9">ACB6976TS</subfield>
   </datafield>
   <datafield ind1=" " ind2=" " tag="040">
      <subfield code="d">CStRLIN</subfield>
   </datafield>
   <datafield ind1="0" ind2=" " tag="050">
      <subfield code="a">BP194.16</subfield>
      <subfield code="b">.I27 1983</subfield>
   </datafield>
   <datafield ind1="1" ind2=" " tag="100">
      <subfield code="a">Ibrāhīm, ʻIzz al-Dīn.</subfield>
   </datafield>
   <datafield ind1="1" ind2="3" tag="245">
      <subfield code="a">al-Sunnah wa-al-Shīʻah ḍajjah muftaʻalah /</subfield>
      <subfield code="c">ʻIzz al-Dīn Ibrāhīm.</subfield>
   </datafield>
   <datafield ind1=" " ind2=" " tag="260">
      <subfield code="a">Ṭahrān, al-Jumhūrīyah al-Islāmīyah al-Īrānīyah :</subfield>
      <subfield code="b">Munaẓẓamat al-Iʻlām al-Islāmī, Qism al-ʻAlāqāt al-Dawlīyah,</subfield>
      <subfield code="c">[1983]</subfield>
   </datafield>
   <datafield ind1=" " ind2=" " tag="300">
      <subfield code="a">37 p. ;</subfield>
      <subfield code="c">22 cm.</subfield>
   </datafield>
   <datafield ind1=" " ind2="0" tag="650">
      <subfield code="a">Shiites</subfield>
      <subfield code="x">Relations</subfield>
      <subfield code="x">Sunnites.</subfield>
      <subfield code="0">http://id.loc.gov/authorities/subjects/sh2012000504</subfield>
   </datafield>
   <datafield ind1=" " ind2="0" tag="650">
      <subfield code="a">Sunnites</subfield>
      <subfield code="x">Relations</subfield>
      <subfield code="x">Shiites.</subfield>
      <subfield code="0">http://id.loc.gov/authorities/subjects/sh2012000503</subfield>
   </datafield>
   <datafield ind1=" " ind2=" " tag="998">
      <subfield code="a">04/29/88</subfield>
      <subfield code="s">9110</subfield>
      <subfield code="n">NjP</subfield>
      <subfield code="w">DCLC84208451B</subfield>
      <subfield code="d">04/29/88</subfield>
      <subfield code="c">DGH</subfield>
      <subfield code="b">DGH</subfield>
      <subfield code="i">880429</subfield>
      <subfield code="l">NJPG</subfield>
   </datafield>
   <datafield ind1=" " ind2=" " tag="911">
      <subfield code="a">19921028</subfield>
   </datafield>
   <datafield ind1=" " ind2=" " tag="912">
      <subfield code="a">19900828000000.0</subfield>
   </datafield>
   <datafield ind1="0" ind2="0" tag="852">
      <subfield code="0">480604</subfield>
      <subfield code="b">rcppa</subfield>
      <subfield code="t">1</subfield>
      <subfield code="h">BP194.16</subfield>
      <subfield code="i">.I27 1983</subfield>
      <subfield code="x">tr fr arab</subfield>
   </datafield>
   <datafield ind1=" " ind2=" " tag="959">
      <subfield code="a">2000-06-13 00:00:00 -0400</subfield>
   </datafield>
</record>
